
@inproceedings{takahashi_model-based_1996,
	title = {Model-based lane recognition},
	booktitle = {Proceedings of the {IEEE} Intelligent Vehicles Symposium},
	author = {A. Takahashi and Y. Ninomiya},
	year = {1996},
	pages = {201--206}
},

@inproceedings{feng_algorithmlane_2007,
	title = {Algorithm on lane changing and tracking control technology for Intelligent Vehicle},
	booktitle = {{IEEE} International Conference on Robotics and Biomimetics {(ROBIO} 2007).},
	author = {Y. Feng and W. Rongben and Z. Ronghui},
	year = {2007},
	pages = {1888--1893}
},

@inproceedings{muad_implementation_2004,
	title = {Implementation of inverse perspective mapping algorithm for the development of an automatic lane tracking system},
	volume = {1},
	booktitle = {{TENCON} 2004. 2004 {IEEE} Region 10 Conference},
	author = {A. M. Muad and A. Hussain and S. A. Samad and M. M. Mustaffa and B. Y. Majlis},
	year = {2004},
	pages = {207--210}
},

@inproceedings{kato_lane-change_1997,
	title = {Lane-change manoeuvres for vision-based vehicle},
	booktitle = {{IEEE} Conference on Intelligent Transportation System},
	author = {S. Kato and K. Tomita and S. Tsugawa},
	year = {1997},
	pages = {129--134}
},

@inproceedings{lin_development_2007,
	title = {Development of a {Multimedia-Based} Vehicle Lane Departure Warning, Forward Collision Warning and Event Video Recorder Systems},
	booktitle = {Ninth {IEEE} International Symposium on Multimedia Workshops {(ISMW'07)} },
	author = {C. C. Lin and H. W. Hsieh and D. C. Huang and C. W. Lin and Y. S. Liao and Y. H. Chen},
	year = {2007},
	pages = {122--129}
},

@inproceedings{ruder_highway_2002,
	title = {Highway Lane Change Assistant},
	volume = {1},
	booktitle = {2002 {IEEE} Intelligent Vehicle Symposium },
	author = {M. Ruder and W. Enkelmann and R. Garnitz},
	year = {2002},
	pages = {240--244}
},

@inproceedings{goldbeck_lane_1999,
	title = {Lane detection and tracking by video sensors},
	booktitle = {Proceedings of the {IEEE/IEEJ/JSAI} International Conference on Intelligent Transportation Systems},
	author = {J. Goldbeck and B. Huertgen},
	year = {1999},
	pages = {74--79}
},

@book{hayes_statistical_1996,
	title = {Statistical Digital Signal Processing and Modeling},
	isbn = {0471594318},
	publisher = {Wiley},
	author = {M. Hayes},
	month = mar,
	year = {1996}
},

@inproceedings{borkar_layered_2009,
	title = {A Layered Approach To Robust Lane Detection At Night},
	booktitle = {2009 {IEEE} Workshop on Computational Intelligence in Vehicles and Vehicular Systems},
	author = {A. Borkar and M. Hayes and M. Smith and S. Pankanti},
	year = {2009},
	pages = {51--57}
},

@inproceedings{kai_thmr-v:effective_2003,
	title = {{THMR-V:} an effective and robust high-speed system in structured road},
	volume = {5},
	booktitle = {{IEEE} International Conference on Systems, Man and Cybernetics},
	author = {N Kai and H Kezhong},
	year = {2003},
	pages = {4370--4374}
},

@inproceedings{ishikawa_lane_2002,
	title = {Lane Detection by Using {Omni-Directional} Camera for Outdoor Terrains},
	booktitle = {{SICE} 2002 Annual Conference},
	publisher = {{SICE}},
	author = {K. Ishikawa and K. Odagiri and K. Kobayashi and K. Watanabe},
	year = {2002},
	pages = {1334--1335}
},

@inproceedings{cheng_hierarchical_2008,
	title = {Hierarchical lane detection for different types of roads},
	booktitle = {{IEEE} International Conference on Acoustics, Speech and Signal Processing},
	author = {H. Cheng and C. Yu and C. Tseng and K. Fan and J. Hwang and B. Jeng},
	year = {2008},
	pages = {1349--1352}
},

@book{gonzalez_digital_1992,
	edition = {3rd},
	title = {Digital Image Processing},
	isbn = {0201508036},
	publisher = {{Addison-Wesley} Pub {(Sd)}},
	author = {Rafael C. Gonzalez and Richard E. Woods},
	month = mar,
	year = {1992},
	pages = {730}
},

@article{lin_multiple_2006,
	title = {Multiple Vehicle Visual Tracking from a Moving Vehicle},
	volume = {2},
	journal = {Sixth International Conference on Intelligent Systems Design and Applications},
	author = {M. Lin and X. Xu},
	year = {2006},
	pages = {373--378}
},

@article{pomerleau_neural_1997,
	title = {Neural Network Vision for Robot Driving},
	journal = {Kluwer International Sseries in Engineering and Computer Science},
	author = {D Pomerleau},
	year = {1997},
	pages = {53--72}
},

@article{kreucher_lana:lane_1999,
	title = {{LANA:} a lane extraction algorithm that uses frequency domain features},
	volume = {15},
	number = {2},
	journal = {{IEEE} Transactions on Robotics and Automation},
	author = {C Kreucher and S Lakshmanan},
	year = {1999},
	pages = {343--350}
},

@article{kunsoo_huh_vision-based_2004,
	title = {Vision-based lane detection for passenger cars: Configuration aspects},
	journal = {Proceedings of the American Control Conference},
	author = {Kunsoo Huh and Jaehak Park and   Daegun Hong and D. Cho and Jahng Hyon Park },
	month = jul,
	year = {2004},
	pages = {792--797}
},

@inproceedings{takahashi_robust_1999,
	title = {A robust lane detection using real-time voting processor},
	booktitle = {{IEEE/IEEJ/JSAI} International Conference on Intelligent Transportation Systems},
	author = {A. Takahashi and Y. Ninomiya and M. Ohta and K. Tange},
	year = {1999},
	pages = {577--580}
},

@article{christopher_sadler_driving_2006,
	title = {Driving Research and Statistics},
	url = {http://www.froedtert.com/HealthResources/JustDrive/DrivingResearchandStatistics/},
	journal = {Froedtert \& Medical College of Wisconsin},
	author = {Christopher Sadler},
	month = mar,
	year = {2006}
},

@book{shapiro_computer_2001,
	title = {Computer Vision},
	isbn = {0130307963},
	publisher = {Prentice Hall},
	author = {Linda G. Shapiro and George C. Stockman},
	month = feb,
	year = {2001},
	pages = {608}
},

@inproceedings{danescu_stereovision-based_2007,
	title = {A {Stereovision-Based} Lane Detector for Marked and {Non-Marked} Urban Roads},
	booktitle = {2007 {IEEE} International Conference on Intelligent Computer Communication and Processing },
	author = {R. Danescu and S. Nedevschi and T. B. To},
	year = {2007},
	pages = {81--88}
},

@inproceedings{bahgat_simple_2008,
	title = {A simple implementation for unmarked road tracking},
	booktitle = {14th {IEEE} Mediterranean Electrotechnical Conference},
	author = {M. Bahgat},
	year = {2008},
	pages = {929--934}
},

@article{zheng_toward_2004,
	title = {Toward Intelligent {Driver-Assistance} and Safety Warning Systems},
	volume = {19},
	number = {2},
	journal = {{IEEE} Intelligent Systems},
	author = {N. N. Zheng and S. Tang and H. Cheng and Q. Li and G. Lai and F. Y. Wang},
	year = {2004},
	pages = {8--11}
},

@article{cheng_lane_2006,
	title = {Lane Detection With Moving Vehicles in the Traffic Scenes},
	volume = {7},
	number = {4},
	journal = {Intelligent Transportation Systems, {IEEE} Transactions on},
	author = {{HY} Cheng and {BS} Jeng and {PT} Tseng and {KC} Fan},
	year = {2006},
	pages = {571--582}
},

@article{mccall_lane_2007,
	title = {Lane Change Intent Analysis Using Robust Operators and Sparse Bayesian Learning},
	volume = {8},
	number = {3},
	journal = {Intelligent Transportation Systems, {IEEE} Transactions on},
	author = {{JC} {McCall} and {DP} Wipf and {MM} Trivedi and {BD} Rao},
	year = {2007},
	pages = {431--440}
},

@inproceedings{kang_short_2006,
	title = {Short Wavelength Infrared Face Recognition for Personalization},
	booktitle = {{IEEE} International Conference on Image Processing},
	author = {J Kang and A Borkar and A Yeung and N Nong and M Smith and M Hayes},
	year = {2006},
	pages = {2757--2760}
},

@inproceedings{tsogas_using_2007,
	title = {Using digital maps to enhance lane keeping support systems},
	booktitle = {{IEEE} Intelligent Vehicles Symposium},
	author = {M. Tsogas and A. Polychronopoulos and A. Amditis},
	year = {2007},
	pages = {148--153}
},

@article{duda_use_1972,
	title = {Use of the Hough transformation to detect lines and curves in pictures},
	volume = {15},
	number = {1},
	journal = {Communications of the {ACM}},
	author = {Richard O. Duda and Peter E. Hart},
	year = {1972},
	pages = {11--15}
},

@inproceedings{hatipolglu_steering_1997,
	title = {Steering and lane change: a working system},
	booktitle = {{IEEE} Conference on Intelligent Transportation Systems},
	author = {C Hatipolglu and K Redmill and U Ozguner},
	year = {1997},
	pages = {272--277}
},

@article{bertozzi_gold:parallel_1998,
	title = {{GOLD:} a parallel real-time stereo vision system for generic obstacle and lane detection},
	volume = {7},
	number = {1},
	journal = {{IEEE} Transactions on Image Processing},
	author = {M. Bertozzi and A. Broggi},
	year = {1998},
	pages = {62--81}
},

@book{pomerleau_alvinn:autonomous_1989,
	title = {{ALVINN:} an autonomous land vehicle in a neural network},
	publisher = {Morgan Kaufmann Publishers Inc. San Francisco, {CA,} {USA}},
	author = {{DA} Pomerleau},
	year = {1989}
},

@inproceedings{gangyi_approach_2000,
	address = {Beijing, China},
	title = {Approach to lane departure detection},
	volume = {2},
	booktitle = {5th International Conference on Signal Processing Proceedings},
	author = {J Gangyi and C Yanhua and Y Mei and Z Yi},
	year = {2000},
	pages = {971--974}
},

@inproceedings{ieng_design_2003,
	title = {On the design of a single lane-markings detector regardless the on-board camera's position},
	booktitle = {Proceedings of the {IEEE} Intelligent Vehicle Symposium},
	author = {S. S. Ieng and J. P. Tarel and R. Labayrade},
	year = {2003},
	pages = {564--569}
},

@article{elizabeth_n._mazzae_hand-held_2004,
	title = {{HAND-HELD} {OR} {HANDS-FREE?} {THE} {EFFECTS} {OF} {WIRELESS} {PHONE} {INTERFACE} {TYPE}
{ON} {PHONE} {TASK} {PERFORMANCE} {AND} {DRIVER} {PREFERENCE}},
	url = {http://www.nhtsa.dot.gov/staticfiles/DOT/NHTSA/NRD/Multimedia/PDFs/VRTC/ca/nads/HFES2004_Mazzae092304.pdf},
	journal = {National Highway Traffic Safety Administration {(NHTSA)}},
	author = {Elizabeth N. Mazzae and Thomas A. Ranney and Ginger S. Watson},
	month = sep,
	year = {2004}
},

@inproceedings{takahashi_rear_2002,
	title = {Rear view lane detection by wide angle camera},
	volume = {1},
	booktitle = {{IEEE} Intelligent Vehicle Symposium},
	author = {A. Takahashi and Y. Ninomiya and M. Ohta and M. Nishida and M. Takayama},
	year = {2002},
	pages = {148--153}
},

@inproceedings{li_adaptive_2003,
	title = {An adaptive approach to lane markings detection},
	volume = {1},
	booktitle = {Proceedings of the {IEEE} Intelligent Transportation Systems},
	author = {Q Li and N Zheng and H Cheng},
	month = oct,
	year = {2003},
	pages = {510-- 514}
},

@inproceedings{mccall_performance_2005,
	title = {Performance evaluation of a vision based lane tracker designed for driver assistance systems},
	booktitle = {Proceedings of the {IEEE} Intelligent Vehicles Symposium},
	author = {J. C. {McCall} and M. M. Trivedi},
	year = {2005},
	pages = {153--158}
},

@article{elizabeth_mazzae_device_2001,
	title = {Device Related Distraction Measurement: Preliminary Findings
and Research Challenges},
	url = {http://www-nrd.nhtsa.dot.gov/pdf/nrd-01/SAE/SAE2001/Mazzae.PDF},
	journal = {National Highway Traffic Safety Administration {(NHTSA)}},
	author = {Elizabeth Mazzae and Riley Garrott and Frank Barickman},
	month = may,
	year = {2001}
},

@inproceedings{amemiya_lane_2004,
	title = {Lane detection for intelligent vehicle employing omni-directional camera},
	volume = {3},
	booktitle = {{SICE} 2004 Annual Conference},
	author = {M Amemiya and K Ishikawa and K Kobayashi and K Watanabe},
	year = {2004},
	pages = {2166--2170}
},

@inproceedings{jeong_real-time_2001,
	title = {{Real-Time} Lane Detection for Autonomous Vehicle},
	booktitle = {Proceedings of the {IEEE} International Symposium on Industrial Electronics},
	author = {S. G. Jeong and C. S. Kim and D. Y. Lee and S. K. Ha and D. H. Lee and M. H. Lee and H. Hashimoto},
	year = {2001},
	pages = {1466--1471}
},

@book{davies_machine_2004,
	edition = {3},
	title = {Machine Vision : Theory, Algorithms, Practicalities},
	isbn = {0122060938},
	publisher = {Morgan Kaufmann},
	author = {E. R. Davies},
	month = dec,
	year = {2004},
	pages = {934}
},

@inproceedings{cheng_vehicle_2005,
	title = {Vehicle active safety applications by fusing multiple-sensor for the springrobot system},
	booktitle = {{IEEE} International Conference on Vehicular Electronics and Safety},
	author = {H. Cheng and N. Zheng and L. M. Junjie and Q. X. Zhang},
	year = {2005},
	pages = {155--160}
},

@article{pilutti_identification_1999,
	title = {Identification of driver state for lane-keeping tasks},
	volume = {29},
	number = {5},
	journal = {{IEEE} Transactions on Systems, Man and Cybernetics},
	author = {T Pilutti and {AG} Ulsoy},
	year = {1999},
	pages = {486--502}
},

@inproceedings{chin_lane_2005,
	title = {Lane detection using color-based segmentation},
	booktitle = {Proceedings of the {IEEE} Intelligent Vehicles Symposium},
	author = {K. Chin and S. Lin},
	year = {2005},
	pages = {706--711}
},

@inproceedings{von_trzebiatowski_detecting_2004,
	title = {Detecting reflection posts-lane recognition on country roads},
	booktitle = {{IEEE} Intelligent Vehicles Symposium},
	author = {{MS} von Trzebiatowski and A Gern and U Franke and {UP} Kaeppeler and P Levi and {DC} Res and G Stuttgart},
	year = {2004},
	pages = {304--309}
},

@article{fischler_random_1981,
	title = {Random sample consensus: a paradigm for model fitting with applications to image analysis and automated cartography},
	volume = {24},
	number = {6},
	journal = {Communications of the {ACM}},
	author = {M. Fischler and R. Bolles},
	year = {1981},
	pages = {381--395}
},

@inproceedings{ishida_development_2004,
	title = {Development, evaluation and introduction of a lane keeping assistance system},
	booktitle = {{IEEE} Intelligent Vehicles Symposium},
	author = {S. Ishida and J. E. Gayko and {HRDC} Ltd and J. Tochigi},
	year = {2004},
	pages = {943--944}
},

@inproceedings{toledo-moreo_multiple_2007,
	title = {Multiple Model based Lane Change Prediction for Road Vehicles with Low Cost {GPS/IMU}},
	booktitle = {{IEEE} Intelligent Transportation Systems Conference},
	author = {R. {Toledo-Moreo} and M. A. {Zamora-Izquierdo} and A. F. {Gomez-Skarmeta}},
	year = {2007},
	pages = {473--478}
},

@inproceedings{sparbert_lane_2001,
	title = {Lane detection and street type classification using laser range images},
	booktitle = {Proceedings of the {IEEE} Intelligent Transportation Systems},
	author = {J. Sparbert and K. Dietmayer and D. Streller},
	year = {2001},
	pages = {454--459}
},

@inproceedings{wang_driver_2005,
	title = {Driver assistance system for lane detection and vehicle recognition with night vision},
	booktitle = {2005 {IEEE/RSJ} International Conference on Intelligent Robots and Systems {(IROS} 2005)},
	author = {C. C. Wang and S. S. Huang and L. C. Fu},
	year = {2005},
	pages = {3530--3535}
},

@inproceedings{mori_hough-based_2004,
	title = {Hough-based robust lane boundary detection for the omni-directional camera},
	volume = {3},
	booktitle = {{SICE} 2004 Annual Conference},
	author = {R Mori and K Kobayashi and K Watanabe},
	year = {2004},
	pages = {2113--2117}
},

@article{gernot_hoffmann_luminance_2002,
	title = {Luminance Models for the Grayscale Conversion},
	url = {http://www.fho-emden.de/~hoffmann/gray10012001.pdf},
	author = {Gernot Hoffmann},
	month = mar,
	year = {2002}
},

@article{bertozzi_vision-based_1997,
	title = {Vision-based vehicle guidance},
	volume = {30},
	number = {7},
	journal = {{ACM} Computer Society Press},
	author = {M. Bertozzi and A. Broggi},
	year = {1997},
	pages = {49--55}
},

@inproceedings{chen_target_2004,
	title = {Target tracking and path planning for vehicle following in jungle environment},
	booktitle = {8th International Conference on Control, Automation, Robotics and Vision},
	author = {C. Chen and H. Wang and T. C. Ng},
	year = {2004},
	pages = {455--460}
},

@inproceedings{wang_real-time_2006,
	title = {Real-time Lane Detection in Various Conditions and Night Cases},
	booktitle = {Proceedings of the {IEEE} Intelligent Transportation Systems Conference},
	author = {H. Wang and Q. Chen},
	year = {2006},
	pages = {17--20}
},

@inproceedings{jiang_lane_2000,
	title = {Lane and obstacle detection based on fast inverse perspective mapping algorithm},
	volume = {4},
	booktitle = {{IEEE} International Conference on Systems, Man, and Cybernetics},
	author = {G. Y. Jiang and T. Y. Choi and S. K. Hong and J. W. Bae and B. S. Song},
	year = {2000},
	pages = {2969--2974}
},

@inproceedings{mccall_integrated_2004,
	title = {An integrated, robust approach to lane marking detection and lane tracking},
	booktitle = {{IEEE} Intelligent Vehicles Symposium },
	author = {{JC} {McCall} and {MM} Trivedi},
	year = {2004},
	pages = {533--537}
},

@article{mccall_video-based_2006,
	title = {Video-based lane estimation and tracking for driver assistance: survey, system, and evaluation},
	volume = {7},
	number = {1},
	journal = {{IEEE} Transactions on Intelligent Transportation Systems},
	author = {{JC} {McCall} and {MM} Trivedi},
	year = {2006},
	pages = {20--37}
},

@book{hartley_multiple_2004,
	edition = {2},
	title = {Multiple View Geometry in Computer Vision},
	isbn = {0521540518},
	publisher = {Cambridge University Press},
	author = {R. Hartley and A. Zisserman},
	month = apr,
	year = {2004}
},

@inproceedings{chen_edge-based_2007,
	title = {Edge-based Lane Change Detection and its Application to Suspicious Driving Behavior Analysis},
	volume = {2},
	booktitle = {Third International Conference on Intelligent Information Hiding and Multimedia Signal Processing {(IIHMSP} 2007)},
	author = {{SY} Chen and {JW} Hsieh},
	year = {2007},
	pages = {415--418}
},

@inproceedings{kotb_generalizing_2005,
	title = {Generalizing inverse perspective},
	booktitle = {Proceedings of the 2nd Canadian Conference on Computer and Robot Vision},
	author = {M. Kotb and S. Beauchemin},
	year = {2005},
	pages = {521--527}
},

@inproceedings{shu_vision_2004,
	title = {Vision based lane detection in autonomous vehicle},
	volume = {6},
	booktitle = {Fifth World Congress on Intelligent Control and Automation},
	author = {Y. Shu and Z. Tan},
	year = {2004},
	pages = {5258--5260}
},

@inproceedings{wang_centimeter_2003,
	title = {Centimeter vehicle positioning and lane keeping},
	volume = {1},
	booktitle = {Proceedings of the {IEEE} Intelligent Transportation Systems},
	author = {J. Wang and S. Schroedl and K. Mezger and R. Ortloff and A. Joos and T. Passegger},
	year = {2003},
	pages = {649-- 654}
},

@book{brookner_tracking_1998,
	title = {Tracking and Kalman Filtering Made Easy},
	isbn = {0471184071},
	publisher = {{Wiley-Interscience}},
	author = {E. Brookner},
	month = apr,
	year = {1998}
},

@misc{_lane_????,
	title = {Lane Width, Mitigation Strategies for Design Exceptions},
	url = {http://safety.fhwa.dot.gov/geometric/mitigationstrategies/chapter3/3_lanewidth.htm},
	publisher = {{U.S.} Department of Transportation}
},

@inproceedings{schreiber_single_2005,
	title = {Single camera lane detection and tracking},
	booktitle = {Proceedings of the {IEEE} Intelligent Transportation Systems},
	author = {D Schreiber and B Alefs and M Clabian},
	year = {2005},
	pages = {1114--1119}
},

@inproceedings{mizutani_road_1998,
	title = {Road lane marker extraction by motion-detector {CNNs}},
	volume = {1},
	booktitle = {Proceedings of the {IEEE} International Joint Conference on Neural Networks},
	author = {E. Mizutani and T. Kozek and L. O. Chua},
	year = {1998},
	pages = {503--508}
},

@inproceedings{sun_hsi_2006,
	title = {{HSI} Color Model Based {Lane-Marking} Detection},
	booktitle = {{IEEE} Intelligent Transportation Systems Conference},
	author = {T. Sun and S. Tsai and V. Chan},
	year = {2006},
	pages = {1168--1172}
},

@inproceedings{kibbel_lane_2005,
	title = {Lane estimation and departure warning using multilayer laserscanner},
	booktitle = {Proceedings of the {IEEE} Intelligent Transportation Systems},
	author = {J. Kibbel and W. Justus and K. Furstenberg},
	year = {2005},
	pages = {777--781}
},

@inproceedings{sehestedt_robust_2007,
	title = {Robust lane detection in urban environments},
	booktitle = {{IEEE/RSJ} International Conference on Intelligent Robots and Systems},
	author = {S. Sehestedt and S. Kodagoda and A. Alempijevic and G. Dissanayake},
	year = {2007},
	pages = {123--128}
},

@inproceedings{gehrig_lane_2002,
	title = {Lane recognition on poorly structured roads-the bots dot problem in California},
	booktitle = {Proceedings of the {IEEE} International Conference on Intelligent Transportation Systems},
	author = {S. K. Gehrig and A. Gern and S. Heinrich and B. Woltermann and A. G. {DaimlerChrysler} and G. Stuttgart},
	year = {2002},
	pages = {67--71}
},

@article{ieng_new_2005,
	title = {A New {Multi-Lanes} Detection Using {Multi-Camera} for Robust Vehicle Location.},
	journal = {Proceedings of the {IEEE} Intelligent Vehicles Symposium},
	author = {S. S. Ieng and J. Vrignon and D. Gruyer and D. Aubert},
	month = jun,
	year = {2005},
	pages = {700--705}
},

@article{_examination_2005,
	title = {{"Examination} of the Distraction Effects of Wireless
Phone Interfaces Using the National Advanced Driving
Simulator - Final Report on a Freeway Study},
	url = {http://www.nhtsa.dot.gov/staticfiles/DOT/NHTSA/NRD/Multimedia/PDFs/VRTC/ca/capubs/Wireless1F_FinalReport.pdf},
	journal = {{U.S.} Department of Transportation},
	month = jun,
	year = {2005}
},

@article{kim_robust_2008,
	title = {Robust Lane Detection and Tracking in Challenging Scenarios},
	volume = {9},
	number = {1},
	journal = {{IEEE} Transactions on Intelligent Transportation Systems},
	author = {Z. Kim},
	year = {2008},
	pages = {16--26}
},

@inproceedings{assidiq_real_2008,
	title = {Real time lane detection for autonomous vehicles},
	booktitle = {International Conference on Computer and Communication Engineering},
	author = {A. Assidiq and O. Khalifa and R. Islam and S. Khan},
	year = {2008},
	keywords = {automated highways,autonomous vehicles,camera,computer vision,curved road,driver assistance {system,Driver} Assistance System,edge detection,feature {extraction,Hough} {transform,Hough} transforms,hyperbola,intelligent {vehicles,Lane} detection,lane edge fitting,lane extraction,lighting change,real time lane detection,road accidents,road boundary detection,road lane detection,road localization,road safety,road vehicle heading direction,road vehicles,straight road,traffic engineering computing,vision-based lane detection},
	pages = {82--88}
},

@article{wu_heterogeneous_2008,
	title = {The Heterogeneous Systems Integration Design and Implementation for Lane Keeping on a Vehicle},
	volume = {9},
	number = {2},
	journal = {Intelligent Transportation Systems, {IEEE} Transactions on},
	author = {S. J. Wu and H. H. Chiang and J. W. Perng and C. J. Chen and B. F. Wu and T. T. Lee},
	year = {2008},
	pages = {246--263}
},

@inproceedings{rotaru_extracting_2004,
	title = {Extracting road features from color images using a cognitive approach},
	booktitle = {2004 {IEEE} Intelligent Vehicles Symposium},
	author = {C. G. Rotaru and T. J. Zhang},
	year = {2004},
	pages = {298--303}
},

@inproceedings{pilutti_-line_1995,
	title = {On-line identification of driver state for lane-keeping tasks},
	volume = {1},
	booktitle = {Proceedings of the American Control Conference},
	author = {T Pilutti and G Ulsoy},
	year = {1995},
	pages = {678--681}
},

@inproceedings{saudi_fast_2008,
	title = {Fast lane detection with Randomized Hough Transform},
	volume = {4},
	booktitle = {International Symposium on Information Technology ( {ITSim} 2008)},
	author = {A. T. Saudi and {JMHA} Hijazi and J. Sulaiman},
	year = {2008},
	pages = {1--5}
},

@inproceedings{aufrere_fast_2000,
	title = {A fast and robust vision based road following algorithm},
	booktitle = {Proceedings of the {IEEE} Intelligent Vehicles Symposium},
	author = {R. Aufrere and R. Chapuis and F. Chausse},
	year = {2000},
	pages = {192--197}
},

@inproceedings{wu_robust_2007,
	title = {Robust lane detection and tracking for driving assistance systems},
	booktitle = {{IEEE} International Conference on Systems, Man and Cybernetics},
	author = {B. F. Wu and C. T. Lin},
	year = {2007},
	pages = {3848--3853}
},

@inproceedings{lopez_detection_2005,
	title = {Detection of lane markings based on ridgeness and {RANSAC}},
	booktitle = {Proceedingsof the {IEEE} Intelligent Transportation Systems},
	author = {A. Lopez and C. Canero and J. Serrat and J. Saludes and F. Lumbreras and T. Graf},
	year = {2005},
	pages = {733--738}
}
